%% This BibTeX bibliography file was created using BibDesk.
%% http://bibdesk.sourceforge.net/
% Encoding: UTF-8

@article{tracking_review,
  author  = {Atif, Muhammad and Shafiq, Muhammad and Farooq, Muhammad and Ayub, Gohar and Leisch, Friedrich and Ilyas, Muhammad},
  title   = {Monitoring Changes in Clustering Solutions: A Review of Models and Applications},
  journal = {Journal of Probability and Statistics},
  volume  = {2023},
  number  = {1},
  pages   = {7493623},
  doi     = {https://doi.org/10.1155/2023/7493623},
  url     = {https://onlinelibrary.wiley.com/doi/abs/10.1155/2023/7493623},
  eprint  = {https://onlinelibrary.wiley.com/doi/pdf/10.1155/2023/7493623},
  year    = {2023}
}


@inproceedings{monic,
  author    = {Spiliopoulou, Myra and Ntoutsi, Irene and Theodoridis, Yannis and Schult, Rene},
  title     = {MONIC: modeling and monitoring cluster transitions},
  year      = {2006},
  isbn      = {1595933395},
  publisher = {Association for Computing Machinery},
  address   = {New York, NY, USA},
  url       = {https://doi.org/10.1145/1150402.1150491},
  doi       = {10.1145/1150402.1150491},
  booktitle = {Proceedings of the 12th ACM SIGKDD International Conference on Knowledge Discovery and Data Mining},
  pages     = {706–711},
  numpages  = {6},
  keywords  = {temporal analysis, data streams, clusters, cluster transitions, cluster change detection},
  location  = {Philadelphia, PA, USA},
  series    = {KDD '06}
}

@article{monic_plus,
  author  = {Ntoutsi, Irene and Spiliopoulou, Myra and Theodoridis, Yannis},
  year    = {2009},
  month   = {01},
  pages   = {239-259},
  title   = {Tracing cluster transitions for different cluster types},
  volume  = {38},
  journal = {Control and Cybernetics}
}

@inproceedings{mclust,
  author    = {Oliveira, M{\'a}rcia
               and Gama, Jo{\~a}o},
  editor    = {Cohen, Paul R.
               and Adams, Niall M.
               and Berthold, Michael R.},
  title     = {Bipartite Graphs for Monitoring Clusters Transitions},
  booktitle = {Advances in Intelligent Data Analysis IX},
  year      = {2010},
  publisher = {Springer Berlin Heidelberg},
  address   = {Berlin, Heidelberg},
  pages     = {114--124},
  isbn      = {978-3-642-13062-5}
}

@inproceedings{mec,
  author    = {Oliveira, M\'{a}rcia and Gama, Jo\~{a}o},
  title     = {MEC --Monitoring Clusters' Transitions},
  year      = {2010},
  isbn      = {9781607506751},
  publisher = {IOS Press},
  address   = {NLD},
  booktitle = {Proceedings of the 2010 Conference on STAIRS 2010: Proceedings of the Fifth Starting AI Researchers' Symposium},
  pages     = {212–224},
  numpages  = {13}
}

@inproceedings{som_tracking,
  author    = {Denny
               and Squire, David McG.},
  editor    = {Ho, Tu Bao
               and Cheung, David
               and Liu, Huan},
  title     = {Visualization of Cluster Changes by Comparing Self-organizing Maps},
  booktitle = {Advances in Knowledge Discovery and Data Mining},
  year      = {2005},
  publisher = {Springer Berlin Heidelberg},
  address   = {Berlin, Heidelberg},
  pages     = {410--419},
  isbn      = {978-3-540-31935-1}
}

@inproceedings{redsom_tracking,
  author    = {Denny and Williams, Graham J. and Christen, Peter},
  booktitle = {2008 Eighth IEEE International Conference on Data Mining},
  title     = {ReDSOM: Relative Density Visualization of Temporal Changes in Cluster Structures Using Self-Organizing Maps},
  year      = {2008},
  volume    = {},
  number    = {},
  pages     = {173-182},
  keywords  = {Self organizing feature maps;Data mining;Data visualization;Computer science;Supervised learning;Change detection algorithms;Data analysis;Australia;Government;Degradation;Self-Organizing Map;Temporal Cluster Analysis;visual analytics;change analysis},
  doi       = {10.1109/ICDM.2008.34}
}


@inproceedings{evolutionary_clustering,
  author    = {Chakrabarti, Deepayan and Kumar, Ravi and Tomkins, Andrew},
  title     = {Evolutionary clustering},
  year      = {2006},
  isbn      = {1595933395},
  publisher = {Association for Computing Machinery},
  address   = {New York, NY, USA},
  url       = {https://doi.org/10.1145/1150402.1150467},
  doi       = {10.1145/1150402.1150467},
  booktitle = {Proceedings of the 12th ACM SIGKDD International Conference on Knowledge Discovery and Data Mining},
  pages     = {554-560},
  numpages  = {7},
  keywords  = {temporal evolution, k-means, clustering, agglomerative},
  location  = {Philadelphia, PA, USA},
  series    = {KDD '06}
}

@inproceedings{spectral_evolutionary_clustering,
  author    = {Chi, Yun and Song, Xiaodan and Zhou, Dengyong and Hino, Koji and Tseng, Belle L.},
  title     = {Evolutionary spectral clustering by incorporating temporal smoothness},
  year      = {2007},
  isbn      = {9781595936097},
  publisher = {Association for Computing Machinery},
  address   = {New York, NY, USA},
  url       = {https://doi.org/10.1145/1281192.1281212},
  doi       = {10.1145/1281192.1281212},
  booktitle = {Proceedings of the 13th ACM SIGKDD International Conference on Knowledge Discovery and Data Mining},
  pages     = {153-162},
  numpages  = {10},
  keywords  = {treserving cluster quality, temporal smoothness, preserving cluster membership, mining data streams, evolutionary spectral clustering},
  location  = {San Jose, California, USA},
  series    = {KDD '07}
}

@inproceedings{density_evolutionary_clustering,
  author    = {Zhang, Yuchao and Liu, Hongfu and Deng, Bo},
  booktitle = {2013 Ninth International Conference on Natural Computation (ICNC)},
  title     = {Evolutionary clustering with DBSCAN},
  year      = {2013},
  volume    = {},
  number    = {},
  pages     = {923-928},
  keywords  = {Clustering algorithms;Noise;Vectors;Shape;Noise measurement;Resists;History;Evolutionary Clustering;Density-Based Clustering;DBSCAN},
  doi       = {10.1109/ICNC.2013.6818108}
}

@article{adaptive_evolutionary_clustering,
  author    = {Kevin S Xu and Mark Kliger and Alfred O. Hero III},
  title     = {Adaptive evolutionary clustering},
  journal   = {Data Mining and Knowledge Discovery},
  year      = {2013},
  volume    = {28},
  publisher = {Springer Nature},
  month     = {jan},
  url       = {https://doi.org/10.1007/s10618-012-0302-x},
  number    = {2},
  pages     = {304--336},
  doi       = {10.1007/s10618-012-0302-x}
}

@inproceedings{namitha_dynamic_clustering_1,
  author    = {Namitha, K and Saju, Neenu K and Kumar, G Santhosh},
  booktitle = {2018 International Conference on Data Science and Engineering (ICDSE)},
  title     = {Tracking Cluster Transitions Using Summaries},
  year      = {2018},
  volume    = {},
  number    = {},
  pages     = {1-5},
  keywords  = {Computational modeling;Meteorology;Clustering algorithms;Absorption;Data mining;Monitoring;Intrusion detection;Data streams;Clustering;Cluster transition},
  doi       = {10.1109/ICDSE.2018.8527817}
}

@article{namitha_dynamic_clustering_2,
  author   = {Namitha K. and Santhosh Kumar G.},
  title    = {Concept Drift Detection in Data Stream Clustering and its Application on Weather Data},
  journal  = {International Journal of Agricultural and Environmental Information Systems (IJAEIS)},
  year     = 2020,
  volume   = {11},
  number   = {1},
  pages    = {67-85},
  month    = {January},
  keywords = {},
  doi      = {},
  url      = {https://ideas.repec.org/a/igg/jaeis0/v11y2020i1p67-85.html}
}

@article{cetra,
  author    = {A. M. Sousa Lima and E. P. M. de Sousa},
  title     = {CETra: online cluster tracking for clustering of streaming data sources},
  journal   = {Knowledge and Information Systems},
  volume    = {67},
  pages     = {1455--1479},
  year      = {2025},
  doi       = {10.1007/s10115-024-02267-4},
  url       = {https://doi.org/10.1007/s10115-024-02267-4},
  month     = {Febrruary},
  publisher = {Springer}
}

@inproceedings{ocean,
  author    = {Feng, Chunhui and Fang, Junhua and Xia, Yue and Chao, Pingfu and Zhao, Pengpeng and Xu, Jiajie and Zhou, Xiaofang},
  booktitle = {2024 IEEE 40th International Conference on Data Engineering (ICDE)},
  title     = {Ocean: Online Clustering and Evolution Analysis for Dynamic Streaming Data},
  year      = {2024},
  volume    = {},
  number    = {},
  pages     = {4504-4517},
  keywords  = {Uncertainty;Oceans;Heuristic algorithms;Concept drift;Clustering algorithms;Real-time systems;Vectors;Online clustering;Dynamic data stream;Composite window;Evolution analysis},
  doi       = {10.1109/ICDE60146.2024.00343}
}










